@article{articlecitekey,
  title = {A very citable research article},
  volume = {19},
  number = {1},
  journaltitle = {Journal of Fantastic Research},
  date = {2019-01-01},
  pages = {123-129},
  author = {Other, A. N.},
}

@book{strunk1999elements,
  address = {Boston (USA)},
  author = {Strunk, William and White, E. B.},
  description = {The Elements of Style: Amazon.de: E. B. White,William I. Strunk: Englische BÃ¼cher},
  isbn = {020530902X 9780205309023 0205313426 9780205313426},
  keywords = {bib classic elements english language strunk style white writing},
  publisher = {Allyn and Bacon : Longman},
  refid = {807083828},
  timestamp = {2012-08-31T17:37:52.000+0200},
  title = {The Elements of style},
  url = {http://www.amazon.de/gp/product/020530902X/ref=oh_details_o03_s00_i01},
  year = 1999
}